%% This BibTeX bibliography file was created using BibDesk.
%% http://bibdesk.sourceforge.net/


%% Created for Alan de Freitas at 2011-05-16 12:55:44 -0300 


%% Saved with string encoding Unicode (UTF-8) 



@article{biles2007evolutionary,
	Author = {Biles, J.A.},
	Date-Added = {2011-05-10 11:54:37 -0300},
	Date-Modified = {2011-05-10 11:54:37 -0300},
	Journal = {Evolutionary Computer Music},
	Pages = {28--51},
	Publisher = {Springer London},
	Title = {{Evolutionary Computation for Musical Tasks}},
	Year = {2007}}

@article{McCormack2005,
	Author = {McCormack, J.},
	Date-Added = {2011-03-23 21:00:24 -0300},
	Date-Modified = {2011-03-23 21:00:55 -0300},
	Journal = {Applications on Evolutionary Computing},
	Pages = {428--436},
	Publisher = {Springer},
	Title = {Open problems in evolutionary music and art},
	Year = {2005}}

@article{grahan2001computer,
	Author = {Grahan-Rowe, D.},
	Date-Added = {2011-03-23 20:54:39 -0300},
	Date-Modified = {2011-03-23 20:54:39 -0300},
	Journal = {New Scientist},
	Title = {Computer dj uses biofeedback to pick tracks},
	Year = {2001}}

@article{chuang2005,
	Author = {Chuang, J.},
	Date-Added = {2011-03-23 20:48:36 -0300},
	Date-Modified = {2011-03-23 21:06:43 -0300},
	Journal = {URL: http://sunsite. univie. ac. at/Mozart/dice},
	Title = {Mozarts musikalisches Wurfelspiel},
	Year = {1995}}

@conference{biles2002genjamc,
	Address = {Milan, Italy},
	Author = {Biles, J.},
	Booktitle = {Proceedings of Generative Art},
	Date-Added = {2011-03-23 20:42:41 -0300},
	Date-Modified = {2011-05-16 12:02:06 -0300},
	Title = {GenJam in Transition: from Genetic Jammer to Generative Jammer},
	Year = {2002}}

@article{alpern1995techniques,
	Author = {Alpern, A.},
	Date-Added = {2011-03-23 20:40:58 -0300},
	Date-Modified = {2011-03-23 20:40:58 -0300},
	Journal = {On the web: http://hamp. hampshire. edu/\~{} adaF92/algocomp/algocomp},
	Publisher = {Citeseer},
	Title = {Techniques for algorithmic composition of music},
	Volume = {95},
	Year = {1995}}

@article{galanter2008complexism,
	Author = {Galanter, P.},
	Date-Added = {2011-03-19 12:07:16 -0300},
	Date-Modified = {2011-03-19 12:07:16 -0300},
	Journal = {The Art of Artificial Evolution},
	Pages = {311--332},
	Publisher = {Springer},
	Title = {{Complexism and the role of evolutionary art}},
	Year = {2008}}

@inproceedings{Back1991,
	Author = {Thomas Back and Frank Hoffmeister and Hans-Paul Schwefel},
	Booktitle = {Proceedings of the Fourth International Conference on Genetic Algorithms},
	Date-Added = {2011-03-10 21:30:30 -0300},
	Date-Modified = {2011-03-10 21:30:30 -0300},
	Owner = {Frederico},
	Pages = {2--9},
	Timestamp = {2011.01.24},
	Title = {A survey of evolution strategies},
	Year = {1991}}

@book{cage1961silence,
	Author = {Cage, J.},
	Date-Added = {2011-02-14 18:04:26 -0200},
	Date-Modified = {2011-02-14 18:04:26 -0200},
	Isbn = {0819560286},
	Publisher = {Wesleyan Univ Pr},
	Title = {{Silence: lectures and writings}},
	Year = {1961}}

@book{ashby2004pleasure,
	Author = {Ashby, A.M.},
	Date-Added = {2011-02-14 17:37:54 -0200},
	Date-Modified = {2011-02-14 17:37:54 -0200},
	Isbn = {1580461433},
	Publisher = {Univ of Rochester Pr},
	Title = {{The pleasure of modernist music: listening, meaning, intention, ideology}},
	Year = {2004}}

@book{mckean2005new,
	Author = {McKean, E.},
	Date-Added = {2011-02-14 17:06:44 -0200},
	Date-Modified = {2011-02-14 17:06:44 -0200},
	Isbn = {0195170776},
	Publisher = {Oxford University Press New York, NY:},
	Title = {The New Oxford American Dictionary},
	Year = {2005}}

@article{machado2004adaptive,
	Author = {Machado, P. and Romero, J. and Santos, M.L. and Cardoso, A. and Manaris, B.},
	Date-Added = {2011-02-12 01:27:49 -0200},
	Date-Modified = {2011-02-12 01:27:49 -0200},
	Journal = {Applications of evolutionary computing},
	Pages = {437--446},
	Publisher = {Springer},
	Title = {Adaptive critics for evolutionary artists},
	Year = {2004}}

@book{Eiben2003,
	Author = {A. E. Eiben and J. E. Smith},
	Date-Added = {2011-02-12 01:20:34 -0200},
	Date-Modified = {2011-02-12 01:20:34 -0200},
	Owner = {Frederico},
	Publisher = {Springer},
	Series = {Natural Computing Series},
	Timestamp = {2011.01.22},
	Title = {Introduction to Evolutionary Computing},
	Year = {2003}}

@inproceedings{Goldberg1991,
	Author = {D. E. Goldberg and K. Deb},
	Booktitle = {Foundations of Genetic Algorithms},
	Date-Added = {2011-02-12 01:20:34 -0200},
	Date-Modified = {2011-02-12 01:20:34 -0200},
	Owner = {Frederico},
	Pages = {69--93},
	Publisher = {Morgan Kaufmann},
	Timestamp = {2011.01.22},
	Title = {A comparative analysis of selection schemes used in genetic algorithms},
	Year = {1991}}

@inproceedings{Graf1995,
	Author = {J. Graf and W. Banzhaf},
	Booktitle = {Proceedings of the Fourth Annual Conference on Evolutionary Programming},
	Date-Added = {2011-02-12 01:20:34 -0200},
	Date-Modified = {2011-02-12 01:20:34 -0200},
	Editor = {D. B. Fogel},
	Owner = {Frederico},
	Pages = {53--65},
	Timestamp = {2011.01.24},
	Title = {Interactive evolution of images},
	Year = {1995}}

@article{Greenfield2002,
	Author = {Gary R. Greenfield},
	Date-Added = {2011-02-12 01:20:34 -0200},
	Date-Modified = {2011-02-12 01:20:34 -0200},
	Journal = {Leonardo},
	Number = {3},
	Owner = {Frederico},
	Timestamp = {2011.01.24},
	Title = {Simulated aesthetics and evolving artworks: a coevolutionary approach},
	Volume = {35},
	Year = {2002}}

@misc{Jobim1959,
	Author = {A. C. Jobim and N. Mendonca},
	Date-Added = {2011-02-12 01:20:34 -0200},
	Date-Modified = {2011-03-23 18:45:06 -0300},
	Timestamp = {2011.01.24},
	Title = {Samba de uma nota s{\'o}},
	Year = {1959}}

@article{Kumar1992,
	Author = {Vipin Kumar},
	Date-Added = {2011-02-12 01:20:34 -0200},
	Date-Modified = {2011-02-12 01:20:34 -0200},
	Journal = {AI Magazine},
	Number = {1},
	Owner = {Frederico},
	Pages = {32--44},
	Timestamp = {2011.01.23},
	Title = {Algorithms for Constraint-Satisfaction Problems: A Survey},
	Volume = {13},
	Year = {1992}}

@inproceedings{Lewis2000,
	Address = {Milan, Italy},
	Author = {Matthew Lewis},
	Booktitle = {Proceedings of Generative Art},
	Date-Added = {2011-02-12 01:20:34 -0200},
	Date-Modified = {2011-02-12 01:20:34 -0200},
	Owner = {Frederico},
	Timestamp = {2011.01.24},
	Title = {Aesthetic evolutionary design with data flow networks},
	Year = {2000}}

@incollection{Lewis2008,
	Author = {Matthew Lewis},
	Booktitle = {The Art of Artificial Evolution: A Handbook on Evolutionary Art and Music},
	Date-Added = {2011-02-12 01:20:34 -0200},
	Date-Modified = {2011-02-12 01:20:34 -0200},
	Editor = {Penousal Machado and Juan Romero},
	Owner = {Frederico},
	Pages = {3--37},
	Publisher = {Springer},
	Timestamp = {2011.01.24},
	Title = {Evolutionary Visual Art and Design},
	Year = {2008}}

@inproceedings{Ross2006,
	Address = {Vancouver, BC},
	Author = {B. J. Ross and W. Ralph and Hai Zong},
	Booktitle = {Proceedings of the IEEE Congress on Evolutionary Computation, CEC 2006},
	Date-Added = {2011-02-12 01:20:34 -0200},
	Date-Modified = {2011-02-12 01:20:34 -0200},
	Owner = {Frederico},
	Pages = {1087--1094},
	Timestamp = {2011.01.24},
	Title = {Evolutionary Image Synthesis Using a Model of Aesthetics},
	Year = {2006}}

@article{Takagi2001,
	Author = {H. Takagi},
	Date-Added = {2011-02-12 01:20:34 -0200},
	Date-Modified = {2011-02-12 01:20:34 -0200},
	Journal = {Proceedings of the IEEE},
	Number = {9},
	Owner = {Frederico},
	Pages = {1275--1296},
	Timestamp = {2011.01.24},
	Title = {Interactive evolutionary computation: fusion of the capabilities of {EC} optimization and human evaluation},
	Volume = {89},
	Year = {2001}}

@book{Nierhaus2010,
	Author = {Gerhard Nierhaus},
	Date-Added = {2011-02-05 22:08:33 -0200},
	Date-Modified = {2011-02-05 22:08:33 -0200},
	Owner = {Frederico},
	Publisher = {Springer},
	Timestamp = {2011.01.16},
	Title = {Algorithmic Composition: Paradigms of Automated Music Generation},
	Year = {2010}}

@conference{papadopoulos1999ai,
	Author = {Papadopoulos, G. and Wiggins, G.},
	Booktitle = {AISB Symposium on Musical Creativity},
	Date-Added = {2011-02-05 22:08:33 -0200},
	Date-Modified = {2011-02-05 22:08:33 -0200},
	Organization = {Citeseer},
	Pages = {110--117},
	Title = {AI methods for algorithmic composition: A survey, a critical view and future prospects},
	Year = {1999}}

@article{reeves2010genetic,
	Author = {Reeves, C.R.},
	Date-Added = {2011-02-05 22:08:33 -0200},
	Date-Modified = {2011-02-05 22:08:33 -0200},
	Journal = {Handbook of Metaheuristics},
	Pages = {109--139},
	Publisher = {Springer},
	Title = {{Genetic algorithms}},
	Year = {2010}}

@book{Romero2007,
	Author = {Juan J. Romero and Penousal Machado},
	Date-Added = {2011-02-05 22:08:33 -0200},
	Date-Modified = {2011-02-05 22:08:33 -0200},
	Isbn = {3540728767},
	Publisher = {Springer},
	Series = {Natural Computing Series},
	Title = {The art of artificial evolution: A handbook on evolutionary art and music},
	Year = {2007}}

@book{Todd1992,
	Address = {Orlando, FL, USA},
	Author = {Stephen Todd and William Latham},
	Date-Added = {2011-02-05 22:08:33 -0200},
	Date-Modified = {2011-02-05 22:08:33 -0200},
	Isbn = {012437185X},
	Publisher = {Academic Press},
	Title = {Evolutionary art and computers},
	Year = {1992}}

@conference{waschkaavoiding,
	Author = {Waschka II, R.},
	Booktitle = {International Computer Music Conference ICMC99},
	Date-Added = {2011-02-05 22:08:33 -0200},
	Date-Modified = {2011-03-23 21:03:20 -0300},
	Pages = {201--203},
	Title = {{Avoiding the fitness bottleneck: Using genetic algorithms to compose orchestral music}},
	Year = {1999}}

@book{Corne2001,
	Date-Added = {2011-02-05 22:07:38 -0200},
	Date-Modified = {2011-02-05 22:07:38 -0200},
	Editor = {David W. Corne and Peter J. Bentley},
	Owner = {Frederico},
	Publisher = {Morgan Kaufmann},
	Series = {The Morgan Kaufmann Series in Artificial Intelligence},
	Timestamp = {2011.01.16},
	Title = {Creative Evolutionary Systems},
	Year = {2001}}

@book{Miranda2007,
	Author = {Eduardo Reck Miranda and John Al Biles},
	Date-Added = {2011-02-05 22:07:38 -0200},
	Date-Modified = {2011-02-05 22:07:38 -0200},
	Isbn = {1846285992},
	Publisher = {Springer Verlag},
	Title = {Evolutionary computer music},
	Year = {2007}}

@inproceedings{brown2002opportunities,
	Address = {Melbourne},
	Author = {Andrew R. Brown},
	Booktitle = {Proceedings of the Australasian Computer Music Conference},
	Date-Added = {2011-02-05 22:07:07 -0200},
	Date-Modified = {2011-02-05 22:07:07 -0200},
	Owner = {Frederico},
	Pages = {27--34},
	Timestamp = {2011.01.16},
	Title = {Opportunities for Evolutionary Music Composition},
	Year = {2002}}

@incollection{Biles2001,
	Author = {John Al Biles},
	Booktitle = {Creative Evolutionary Systems},
	Date-Added = {2011-02-05 22:06:53 -0200},
	Date-Modified = {2011-02-05 22:06:53 -0200},
	Editor = {David W. Corne and Peter J. Bentley},
	Owner = {Frederico},
	Pages = {165--188},
	Publisher = {Morgan Kaufmann},
	Timestamp = {2011.01.16},
	Title = {{GenJam}: Evolution of a jazz improviser},
	Year = {2001}}

@conference{fonseca2005tutorial,
	Author = {Fonseca, C.M. and Knowles, J.D. and Thiele, L. and Zitzler, E.},
	Booktitle = {Third International Conference on Evolutionary Multi-Criterion Optimization (EMO 2005)},
	Date-Added = {2011-02-05 22:06:11 -0200},
	Date-Modified = {2011-02-05 22:06:11 -0200},
	Title = {A tutorial on the performance assessment of stochastic multiobjective optimizers},
	Volume = {216},
	Year = {2005}}

@conference{deb2000fast,
	Author = {Deb, K. and Agrawal, S. and Pratap, A. and Meyarivan, T.},
	Booktitle = {Parallel Problem Solving from Nature PPSN VI},
	Date-Added = {2010-12-27 16:01:55 -0200},
	Date-Modified = {2010-12-27 16:01:55 -0200},
	Organization = {Springer},
	Pages = {849--858},
	Title = {A fast elitist non-dominated sorting genetic algorithm for multi-objective optimization: NSGA-II},
	Year = {2000}}

@conference{phon1999evolving,
	Author = {Phon-Amnuaisuk, S. and Tuson, A. and Wiggins, G.},
	Booktitle = {Artificial neural nets and genetic algorithms: proceedings of the international conference in Portoro{\v{z}}, Slovenia, 1999},
	Date-Added = {2010-12-27 15:59:27 -0200},
	Date-Modified = {2010-12-27 15:59:27 -0200},
	Isbn = {3211833641},
	Organization = {Springer Verlag Wien},
	Pages = {229},
	Title = {Evolving musical harmonisation},
	Year = {1999}}

@misc{bishopholland,
	Author = {Bishop, Y.M.M. and Fienberg, S.E. and Paul, W.},
	Date-Added = {2010-12-27 15:58:08 -0200},
	Date-Modified = {2010-12-27 15:58:08 -0200},
	Publisher = {Cambridge, MA: MIT Press},
	Title = {HOLLAND. 1975. Discrete multivariate analysis: Theory and practice}}

@article{wiggins1998evolutionary,
	Author = {Wiggins, G.A. and Papadopoulos, G. and Phon-Amnuaisuk, S. and Tuson, A.},
	Date-Added = {2010-11-25 15:02:46 -0200},
	Date-Modified = {2011-03-23 21:04:34 -0300},
	Issn = {0963-5203},
	Journal = {Proceedings of the CASY98 Workshop on Anticipation, Music and Cognition},
	Publisher = {Citeseer},
	Title = {Evolutionary methods for musical composition},
	Year = {1998}}

@book{michalewicz2004solve,
	Author = {Michalewicz, Z. and Fogel, D.B.},
	Date-Added = {2010-11-25 14:59:47 -0200},
	Date-Modified = {2010-11-25 14:59:47 -0200},
	Isbn = {3540224947},
	Publisher = {Springer-Verlag New York Inc},
	Title = {How to solve it: modern heuristics},
	Year = {2004}}

@article{wiggins1993framework,
	Author = {Wiggins, G. and Miranda, E. and Smaill, A. and Harris, M.},
	Date-Added = {2010-11-25 14:52:47 -0200},
	Date-Modified = {2010-11-25 14:52:47 -0200},
	Issn = {0148-9267},
	Journal = {Computer Music Journal},
	Number = {3},
	Pages = {31--42},
	Publisher = {JSTOR},
	Title = {A framework for the evaluation of music representation systems},
	Volume = {17},
	Year = {1993}}

@conference{vuori1993parameter,
	Author = {Vuori, J. and V{\"a}lim{\"a}ki, V.},
	Booktitle = {Proceedings of the International Computer Music Conference},
	Date-Added = {2010-09-27 02:19:01 -0300},
	Date-Modified = {2011-03-23 21:02:51 -0300},
	Organization = {International Computer Music Association},
	Pages = {402--402},
	Title = {Parameter estimation of non-linear physical models by simulated evolution-application to the flute model},
	Year = {1993}}

@article{maddox2000using,
	Author = {Maddox, T. and Otten, J.},
	Date-Added = {2010-09-27 02:18:39 -0300},
	Date-Modified = {2010-09-27 02:18:39 -0300},
	Journal = {Mathematics and Computers in Modern Science: Acoustics and Music, etc},
	Pages = {83--89},
	Title = {Using an Evolutionary Algorithm to Generate Four-Part 18th Century Harmony},
	Year = {2000}}

@article{waschka2007composing,
	Author = {Waschka II, R.},
	Date-Added = {2010-09-27 02:10:49 -0300},
	Date-Modified = {2011-03-10 20:22:11 -0300},
	Journal = {Evolutionary Computer Music},
	Pages = {117--136},
	Publisher = {Springer},
	Title = {Composing with Genetic Algorithms: GenDash},
	Year = {2007}}

@conference{gartland2003musicblox,
	Author = {Gartland-Jones, A.},
	Booktitle = {Proceedings of the 2003 international conference on Applications of evolutionary computing},
	Date-Added = {2010-09-27 01:59:08 -0300},
	Date-Modified = {2010-09-27 01:59:08 -0300},
	Organization = {Springer-Verlag},
	Pages = {490--501},
	Title = {MusicBlox: a real-time algorithmic composition system incorporating a distributed interactive genetic Algorithm},
	Year = {2003}}

@article{mccormack2003evolving,
	Author = {McCormack, J.},
	Date-Added = {2010-09-27 01:51:53 -0300},
	Date-Modified = {2010-09-27 01:51:53 -0300},
	Journal = {Kybernetes},
	Number = {1},
	Pages = {184--202},
	Publisher = {London; New York: Gordon and Breach Science Publishers, 1972-},
	Title = {Evolving sonic ecosystems},
	Volume = {32},
	Year = {2003}}

@article{hillis1990co,
	Author = {Hillis, W.D.},
	Date-Added = {2010-09-27 01:48:16 -0300},
	Date-Modified = {2010-09-27 01:48:16 -0300},
	Journal = {Physica D: Nonlinear Phenomena},
	Number = {1-3},
	Pages = {228--234},
	Publisher = {Elsevier},
	Title = {Co-evolving parasites improve simulated evolution as an optimization procedure},
	Volume = {42},
	Year = {1990}}

@article{moroni2000vox,
	Author = {Moroni, A. and Manzolli, J. and Zuben, F.V. and Gudwin, R.},
	Date-Added = {2010-09-27 01:22:07 -0300},
	Date-Modified = {2010-09-27 01:22:07 -0300},
	Journal = {Leonardo Music Journal},
	Pages = {49--54},
	Publisher = {MIT Press},
	Title = {Vox populi: An interactive evolutionary system for algorithmic music composition},
	Year = {2000}}

@conference{lischka1991understanding,
	Author = {Lischka, C.},
	Booktitle = {Representations of musical signals},
	Date-Added = {2010-09-27 01:21:09 -0300},
	Date-Modified = {2010-09-27 01:21:09 -0300},
	Organization = {MIT Press},
	Pages = {445},
	Title = {Understanding music cognition: a connectionist view},
	Year = {1991}}

@article{ames1992quantifying,
	Author = {Ames, C.},
	Date-Added = {2010-09-23 17:10:58 -0300},
	Date-Modified = {2010-09-23 17:10:58 -0300},
	Journal = {Journal of New Music Research},
	Number = {1},
	Pages = {53--93},
	Publisher = {Routledge},
	Title = {Quantifying musical merit},
	Volume = {21},
	Year = {1992}}

@conference{prerau2001possibilities,
	Author = {Prerau, M.},
	Booktitle = {Proceedings of the European Conference on Artificial Life 2001 Workshop: Artificial Life Models for Musical Applications},
	Date-Added = {2010-09-23 15:21:22 -0300},
	Date-Modified = {2010-09-23 15:21:22 -0300},
	Title = {On the possibilities of an analytic synthesis system},
	Year = {2001}}

@article{hiller1958musical,
	Author = {Hiller, L. and Isaacson, L.},
	Date-Added = {2010-09-23 15:16:31 -0300},
	Date-Modified = {2010-09-23 15:16:31 -0300},
	Journal = {Machine models of music},
	Pages = {9--21},
	Title = {Musical composition with a high-speed digital computer},
	Year = {1958}}

@article{gardner1978white,
	Author = {Gardner, M.},
	Date-Added = {2010-09-23 15:15:08 -0300},
	Date-Modified = {2010-09-23 15:15:08 -0300},
	Journal = {Scientific American},
	Number = {4},
	Pages = {16--32},
	Title = {White and brown music, fractal curves and 1/f fluctuations},
	Volume = {238},
	Year = {1978}}

@article{burton1997,
	Author = {Burton, A. R. and Vladimirova, T.},
	Date-Added = {2010-09-23 15:07:24 -0300},
	Date-Modified = {2010-09-23 15:09:41 -0300},
	Journal = {Proceedings of the 1997 International Conference on Artificial Neural Networks and Genetic Algorithms. Springer-Verlag, Berlin.},
	Title = {Genetic algorithm utilizing neural network evaluation for musical composition},
	Year = {1997}}

@article{johanson1998gp,
	Author = {Johanson, B. and Poli, R.},
	Date-Added = {2010-09-23 14:39:25 -0300},
	Date-Modified = {2010-09-23 14:39:25 -0300},
	Journal = {Genetic Programming},
	Pages = {181--186},
	Publisher = {Citeseer},
	Title = {Gp-music: An interactive genetic programming system for music generation with automated fitness raters},
	Year = {1998}}

@article{mandelis2001genophone,
	Author = {Mandelis, J.},
	Date-Added = {2010-09-22 19:34:17 -0300},
	Date-Modified = {2010-09-22 19:34:17 -0300},
	Journal = {Proceedings ALMMA},
	Pages = {37--50},
	Publisher = {Citeseer},
	Title = {Genophone: An evolutionary approach to sound synthesis and performance},
	Year = {2001}}

@phdthesis{woolf1999sound,
	Author = {Woolf, S.},
	Date-Added = {2010-09-22 19:32:19 -0300},
	Date-Modified = {2010-09-22 19:32:19 -0300},
	School = {MSc Thesis, School of Cognitive and Computing Sciences, University of Sussex},
	Title = {Sound Gallery: An Interactive Artificial Life Artwork},
	Year = {1999}}

@article{johnson2003exploring,
	Author = {Johnson, C.G.},
	Date-Added = {2010-09-22 19:23:00 -0300},
	Date-Modified = {2010-09-22 19:23:00 -0300},
	Journal = {Leonardo},
	Number = {1},
	Pages = {51--54},
	Publisher = {MIT Press},
	Title = {Exploring sound-space with interactive genetic algorithms},
	Volume = {36},
	Year = {2003}}

@conference{johnson1999exploring,
	Author = {Johnson, C.G.},
	Booktitle = {Proceedings of the AISB Workshop on Artificial Intelligence and Musical Creativity, Edinburgh},
	Date-Added = {2010-09-22 19:22:45 -0300},
	Date-Modified = {2010-09-22 19:22:45 -0300},
	Organization = {Citeseer},
	Title = {Exploring the sound-space of synthesis algorithms using interactive genetic algorithms},
	Year = {1999}}

@article{felder1977interview,
	Author = {Felder, D. and Stockhausen, K.},
	Date-Added = {2010-09-21 17:28:00 -0300},
	Date-Modified = {2010-09-21 17:28:00 -0300},
	Journal = {Perspectives of New Music},
	Number = {1},
	Pages = {85--101},
	Publisher = {JSTOR},
	Title = {An interview with Karlheinz Stockhausen},
	Volume = {16},
	Year = {1977}}

@article{hiller1959computer,
	Author = {Hiller, L.A.},
	Date-Added = {2010-09-21 17:20:11 -0300},
	Date-Modified = {2010-09-21 17:20:11 -0300},
	Journal = {Scientific American},
	Number = {6},
	Pages = {109--120},
	Title = {Computer music},
	Volume = {201},
	Year = {1959}}

@article{hiller1981composing,
	Author = {Hiller, L.},
	Date-Added = {2010-09-21 17:04:30 -0300},
	Date-Modified = {2010-09-21 17:04:30 -0300},
	Journal = {Computer Music Journal},
	Number = {4},
	Pages = {7--21},
	Publisher = {JSTOR},
	Title = {Composing with computers: A progress report},
	Volume = {5},
	Year = {1981}}

@book{pritchett1996music,
	Author = {Pritchett, J.},
	Date-Added = {2010-09-21 16:58:19 -0300},
	Date-Modified = {2010-09-21 16:58:19 -0300},
	Publisher = {Cambridge Univ Pr},
	Title = {The Music of John Cage},
	Year = {1996}}

@article{hyde1985musical,
	Author = {Hyde, M.M.},
	Date-Added = {2010-09-21 16:40:43 -0300},
	Date-Modified = {2010-09-21 16:40:43 -0300},
	Journal = {Journal of Music Theory},
	Number = {1},
	Pages = {85--143},
	Publisher = {JSTOR},
	Title = {Musical Form and the Development of Schoenberg's" Twelve-Tone Method"},
	Volume = {29},
	Year = {1985}}

@article{mozart1787musikalisches,
	Author = {Mozart, WA},
	Date-Added = {2010-09-21 16:09:49 -0300},
	Date-Modified = {2010-09-21 17:39:21 -0300},
	Journal = {K{\"o}chel Catalog of Mozarts Work KV1 Appendix 294d or KV6 516f},
	Title = {Musikalisches W{\"u}rfelspiel: Anleitung so viel Walzer oder Schleifer mit zwei W{\"u}rfeln zu componieren ohne musikalisch zu seyn noch von der Composition etwas zu verstehen},
	Year = {1787}}

@book{kirnberger1994allezeit,
	Author = {Kirnberger, J.P. and Kupper, H.},
	Date-Added = {2010-09-21 16:04:51 -0300},
	Date-Modified = {2010-09-21 16:04:51 -0300},
	Publisher = {Musikwiss. Inst.},
	Title = {Der allezeit fertige Polonoisen-und Menuettencomponist},
	Year = {1994}}

@article{norman1988design,
	Author = {Norman, D.},
	Date-Added = {2010-09-17 16:15:46 -0300},
	Date-Modified = {2010-09-21 18:06:17 -0300},
	Journal = {Basic Book Inc./New York},
	Title = {The design of everyday things.},
	Year = {1988}}

@article{biles2007improvizing,
	Author = {Biles, J.},
	Date-Added = {2010-09-16 21:37:49 -0300},
	Date-Modified = {2011-03-10 20:21:16 -0300},
	Journal = {Evolutionary Computer Music},
	Pages = {137--169},
	Publisher = {Springer},
	Title = {Improvizing with Genetic Algorithms: GenJam},
	Year = {2007}}

@article{roads-microsound,
	Author = {Roads, C.},
	Date-Added = {2010-09-16 20:19:36 -0300},
	Date-Modified = {2010-09-16 20:20:14 -0300},
	Journal = {Massachusetts Institute of Technology},
	Title = {Microsound.},
	Year = {2001}}

@book{nickol1999learning,
	Author = {Nickol, P.},
	Date-Added = {2010-09-16 19:51:58 -0300},
	Date-Modified = {2010-09-16 19:51:58 -0300},
	Publisher = {How to Books Ltd},
	Title = {Learning to Read Music: How to Make Sense of Those Mysterious Symbols},
	Year = {1999}}

@article{schellenberg2005children,
	Author = {Schellenberg, E.G. and Bigand, E. and Poulin-Charronnat, B. and Garnier, C. and Stevens, C.},
	Date-Added = {2010-09-16 18:23:59 -0300},
	Date-Modified = {2010-09-16 18:23:59 -0300},
	Journal = {Developmental Science},
	Number = {6},
	Pages = {551--566},
	Publisher = {John Wiley \& Sons},
	Title = {Children's implicit knowledge of harmony in Western music},
	Volume = {8},
	Year = {2005}}

@book{surmani2004alfred,
	Author = {Surmani, A. and Surmani, K.F. and Manus, M.},
	Date-Added = {2010-09-16 18:19:36 -0300},
	Date-Modified = {2010-09-16 18:19:36 -0300},
	Publisher = {Alfred Publishing Co., Inc.},
	Title = {Alfred's Essentials of Music Theory: A Complete Self-Study Course for All Musicians},
	Year = {2004}}

@book{malm1996music,
	Author = {Malm, W.P.},
	Date-Added = {2010-09-16 16:39:41 -0300},
	Date-Modified = {2010-09-16 16:39:41 -0300},
	Publisher = {Prentice Hall},
	Title = {Music cultures of the Pacific, the Near East, and Asia},
	Year = {1996}}

@conference{pierce1999introduction,
	Author = {Pierce, J.},
	Booktitle = {Music, cognition, and computerized sound},
	Date-Added = {2010-09-15 23:59:48 -0300},
	Date-Modified = {2010-09-15 23:59:48 -0300},
	Organization = {MIT Press},
	Pages = {70},
	Title = {Introduction to pitch perception},
	Year = {1999}}

@book{nattiez1990music,
	Author = {Nattiez, J.J.},
	Date-Added = {2010-09-14 20:18:50 -0300},
	Date-Modified = {2010-09-14 20:18:50 -0300},
	Publisher = {Princeton Univ Pr},
	Title = {Music and discourse: Toward a semiology of music},
	Year = {1990}}

@book{mathieu1997harmonic,
	Author = {Mathieu, W.A.},
	Date-Added = {2010-09-14 20:13:07 -0300},
	Date-Modified = {2010-09-14 20:13:07 -0300},
	Publisher = {Inner Traditions International, Rochester, Vt.},
	Title = {Harmonic experience: tonal harmony from its natural origins to its modern expression},
	Year = {1997}}

@book{olson1967music,
	Author = {Olson, H.F.},
	Date-Added = {2010-09-14 20:09:57 -0300},
	Date-Modified = {2010-09-14 20:09:57 -0300},
	Publisher = {Dover Pubns},
	Title = {Music, physics and engineering},
	Year = {1967}}

@book{plack2005pitch,
	Author = {Plack, C.J. and Oxenham, A.J. and Fay, R.R. and Popper, A.N.},
	Date-Added = {2010-09-14 20:04:43 -0300},
	Date-Modified = {2010-09-14 20:04:43 -0300},
	Publisher = {Springer Verlag},
	Title = {Pitch: neural coding and perception},
	Year = {2005}}

@book{erickson1975sound,
	Author = {Erickson, R.},
	Date-Added = {2010-09-14 19:53:53 -0300},
	Date-Modified = {2010-09-14 19:53:53 -0300},
	Publisher = {Univ of California Pr},
	Title = {Sound structure in music},
	Year = {1975}}

@article{ward1970musical,
	Author = {Ward, W.D.},
	Date-Added = {2010-09-14 19:51:50 -0300},
	Date-Modified = {2010-09-14 19:51:50 -0300},
	Journal = {Foundations of modern auditory theory},
	Pages = {407--447},
	Title = {Musical perception},
	Volume = {1},
	Year = {1970}}

@book{kennedy2004concise,
	Author = {Kennedy, M. and Bourne, J.},
	Date-Added = {2010-09-14 18:40:27 -0300},
	Date-Modified = {2010-09-14 18:40:27 -0300},
	Publisher = {Oxford University Press, USA},
	Title = {The concise Oxford dictionary of music},
	Year = {2004}}

@article{unemi2002study,
	Author = {Unemi, T. and Senda, M.},
	Date-Added = {2010-09-14 15:16:02 -0300},
	Date-Modified = {2011-03-23 21:02:39 -0300},
	Journal = {Joho Shori Gakkai Kenkyu Hokoku},
	Number = {40},
	Pages = {133--138},
	Title = {A Study on Building a Support System for Music Composition by Simulated Breeding Method. Extension to Multi-part.},
	Volume = {2002},
	Year = {2002}}

@conference{mcintyre1994bach,
	Author = {McIntyre, RA},
	Booktitle = {Evolutionary Computation, 1994. IEEE World Congress on Computational Intelligence., Proceedings of the First IEEE Conference on},
	Date-Added = {2010-09-14 14:47:00 -0300},
	Date-Modified = {2010-09-14 14:48:08 -0300},
	Organization = {IEEE},
	Pages = {852--857},
	Title = {Bach in a box: The evolution of four part baroque harmony using the genetic algorithm},
	Year = {1994}}

@conference{polito1997musica,
	Author = {Polito, J. and Daida, J. and Bersano-Begey, T.},
	Booktitle = {Evolutionary Programming VI},
	Date-Added = {2010-09-14 14:43:18 -0300},
	Date-Modified = {2010-09-14 14:43:18 -0300},
	Organization = {Springer},
	Pages = {113--123},
	Title = {Musica ex machina: composing 16th-century counterpoint with genetic programming and symbiosis},
	Year = {1997}}

@conference{horowitz1995generating,
	Author = {Horowitz, D.},
	Booktitle = {Proceedings of the national conference on artificial intelligence},
	Date-Added = {2010-09-14 14:38:39 -0300},
	Date-Modified = {2011-03-23 20:56:27 -0300},
	Organization = {John Wiley \& Sons LTD},
	Pages = {1459--1459},
	Title = {Generating rhythms with genetic algorithms},
	Year = {1995}}

@article{ralley1995genetic,
	Author = {Ralley, D.},
	Date-Added = {2010-09-14 14:37:23 -0300},
	Date-Modified = {2010-09-14 14:37:45 -0300},
	Journal = {Urbana},
	Pages = {61801},
	Title = {Genetic algorithms as a tool for melodic development},
	Volume = {101},
	Year = {1995}}

@article{todd1999frankensteinian,
	Author = {Todd, P.M. and Werner, G.M.},
	Date-Added = {2010-09-14 01:47:04 -0300},
	Date-Modified = {2010-09-14 01:47:04 -0300},
	Journal = {Musical networks: Parallel distributed perception and performance},
	Pages = {313--339},
	Publisher = {Citeseer},
	Title = {Frankensteinian methods for evolutionary music composition},
	Year = {1999}}

@article{jacob1995composing,
	Author = {Jacob, B.},
	Date-Added = {2010-09-14 01:41:42 -0300},
	Date-Modified = {2011-03-23 20:57:25 -0300},
	Journal = {Proceedings of the 1995 International Computer Music Conference},
	Publisher = {International Computer Music Association},
	Title = {Composing with genetic algorithms},
	Year = {1995}}

@article{jacob1996algorithmic,
	Author = {Jacob, B.L.},
	Date-Added = {2010-09-14 01:41:41 -0300},
	Date-Modified = {2010-09-14 01:41:41 -0300},
	Journal = {Organised Sound},
	Number = {03},
	Pages = {157--165},
	Publisher = {Citeseer},
	Title = {Algorithmic composition as a model of creativity},
	Volume = {1},
	Year = {1996}}

@article{federman2003nextpitch,
	Author = {Federman, F.},
	Date-Added = {2010-09-14 01:39:21 -0300},
	Date-Modified = {2010-09-14 01:39:21 -0300},
	Journal = {Leonardo},
	Number = {1},
	Pages = {47--50},
	Publisher = {MIT Press},
	Title = {The NEXTPITCH Learning Classifier System: Representation, Information Theory and Performance},
	Volume = {36},
	Year = {2003}}

@conference{horner1995harmonisation,
	Author = {Horner, A. and Ayers, L.},
	Booktitle = {ICMC Proceedings 1995},
	Date-Added = {2010-09-14 01:38:19 -0300},
	Date-Modified = {2010-09-14 01:38:19 -0300},
	Pages = {483--484},
	Title = {Harmonisation of musical progression with genetic algorithms},
	Year = {1995}}

@article{horner1993methods,
	Author = {Horner, A. and Beauchamp, J. and Haken, L.},
	Date-Added = {2010-09-14 01:38:04 -0300},
	Date-Modified = {2010-09-14 01:38:04 -0300},
	Journal = {Journal-Audio Engineering Society},
	Pages = {336--336},
	Publisher = {AUDIO ENGINEERING SOCIETY INC},
	Title = {Methods for multiple wavetable synthesis of musical instrument tones},
	Volume = {41},
	Year = {1993}}

@conference{mrozek1996perceptual,
	Author = {Mrozek, E. and Wakefield, G.},
	Booktitle = {Proceedings of the International Computer Music Conference},
	Date-Added = {2010-09-14 01:27:34 -0300},
	Date-Modified = {2011-03-23 21:02:21 -0300},
	Organization = {International Computer Music Association},
	Pages = {111--113},
	Title = {Perceptual Matching of Low-Order Models to Room Transfer Functions},
	Year = {1996}}

@article{sharman2003evolutionary,
	Author = {Sharman, K. and Esparcia-Alc{\'a}zar, A.},
	Date-Added = {2010-09-14 01:01:57 -0300},
	Date-Modified = {2010-09-14 01:01:57 -0300},
	Journal = {Contemporary Music Review},
	Number = {3},
	Pages = {5--19},
	Publisher = {Routledge},
	Title = {Evolutionary methods for designing digital filters},
	Volume = {22},
	Year = {2003}}

@article{woolf2003virtual,
	Author = {Woolf, S. and Yee-King, M.},
	Date-Added = {2010-09-14 00:50:54 -0300},
	Date-Modified = {2010-09-14 00:50:54 -0300},
	Journal = {Contemporary Music Review},
	Number = {3},
	Pages = {31--41},
	Publisher = {Routledge},
	Title = {Virtual and physical interfaces for collaborative evolution of sound},
	Volume = {22},
	Year = {2003}}

@article{putnam1996grammar,
	Author = {Putnam, J.},
	Date-Added = {2010-09-14 00:32:58 -0300},
	Date-Modified = {2010-09-14 00:32:58 -0300},
	Journal = {Evolutionary Programming V, MIT Press, Cambridge, MA},
	Pages = {363--368},
	Title = {A grammar-based genetic programming technique applied to music generation},
	Year = {1996}}

@conference{madsen2007towards,
	Author = {Madsen, S.T. and Widmer, G.},
	Booktitle = {20th International Joint Conference on Artificial Intelligence (IJCAI 2007},
	Date-Added = {2010-09-14 00:28:41 -0300},
	Date-Modified = {2010-09-14 00:28:41 -0300},
	Pages = {459--464},
	Title = {Towards a computational model of melody identification in polyphonic music},
	Year = {2007}}

@conference{madsen2005exploring,
	Author = {Madsen, S.T. and Widmer, G.},
	Booktitle = {Proceedings of The 18th International FLAIRS Conference, AAAI Press},
	Date-Added = {2010-09-14 00:24:04 -0300},
	Date-Modified = {2010-09-14 00:24:04 -0300},
	Title = {Exploring similarities in music performances with an evolutionary algorithm},
	Year = {2005}}

@article{biles1997genjam,
	Author = {Biles, J.A.},
	Date-Added = {2010-09-10 02:54:11 -0300},
	Date-Modified = {2010-09-10 02:54:11 -0300},
	Journal = {The Journal of the Acoustical Society of America},
	Pages = {3181},
	Title = {GenJam: An interactive genetic algorithm jazz improviser},
	Volume = {102},
	Year = {1997}}

@misc{biles1995biles,
	Author = {Biles, JA},
	Date-Added = {2010-09-10 02:54:03 -0300},
	Date-Modified = {2010-09-10 02:54:03 -0300},
	Publisher = {Compact disk DRK-144},
	Title = {Al Biles Virtual Quintet, genjam},
	Year = {1995}}

@misc{biles2001genjam,
	Author = {Biles, J.A.},
	Date-Added = {2010-09-10 02:53:59 -0300},
	Date-Modified = {2010-09-10 02:53:59 -0300},
	Publisher = {Morgan Kaufmann Publishers Inc., San Francisco, CA},
	Title = {GenJam: evolution of a jazz improviser, Creative evolutionary systems},
	Year = {2001}}

@article{biles-genjam,
	Author = {Biles, JA},
	Date-Added = {2010-09-10 02:52:52 -0300},
	Date-Modified = {2010-09-14 00:36:17 -0300},
	Journal = {Online] http://www. it. rit. edu/~ jab/including numerous publications on GenJam and evolutionary music},
	Title = {GenJam}}

@conference{biles2002genjamb,
	Author = {Biles, J.A.},
	Booktitle = {Proceedings of the 2002 Conference for Information Technology Curriculum, Rochester, New York, Society for Information Technology Education},
	Date-Added = {2010-09-10 02:52:11 -0300},
	Date-Modified = {2010-09-10 02:52:20 -0300},
	Organization = {Citeseer},
	Title = {GenJam: evolutionary computation gets a gig},
	Year = {2002}}

@conference{biles2001autonomous,
	Address = {San Francisco},
	Author = {Biles, J.A.},
	Booktitle = {Proceedings of the GECCO-2001 Workshop on Non-routine Design with Evolutionary Systems},
	Date-Added = {2010-09-10 02:51:43 -0300},
	Date-Modified = {2011-05-16 12:04:14 -0300},
	Title = {Autonomous GenJam: eliminating the fitness bottleneck by eliminating fitness},
	Year = {2001}}

@article{biles2002genjam,
	Author = {Biles, J.A.},
	Date-Added = {2010-09-10 02:51:32 -0300},
	Date-Modified = {2010-09-10 02:51:32 -0300},
	Journal = {Creative evolutionary systems},
	Pages = {165--187},
	Title = {GenJam: Evolution of a jazz improviser},
	Year = {2002}}

@conference{biles1998interactive,
	Author = {Biles, J.A.},
	Booktitle = {Proceedings of the 1998 international computer music conference},
	Date-Added = {2010-09-10 02:51:17 -0300},
	Date-Modified = {2010-09-10 02:51:17 -0300},
	Pages = {232--235},
	Title = {Interactive GenJam: Integrating real-time performance with a genetic algorithm},
	Year = {1998}}

@article{biles2003genjam,
	Author = {Biles, J.A.},
	Date-Added = {2010-09-10 02:50:48 -0300},
	Date-Modified = {2010-09-10 02:50:48 -0300},
	Journal = {Leonardo},
	Number = {1},
	Pages = {43--45},
	Publisher = {MIT Press},
	Title = {GenJam in perspective: a tentative taxonomy for GA music and art systems},
	Volume = {36},
	Year = {2003}}

@conference{biles1995genjam,
	Author = {Biles, J.A. and Eign, W.},
	Booktitle = {Proceedings of the 1995 International Computer Music Conference},
	Date-Added = {2010-09-10 02:50:42 -0300},
	Date-Modified = {2010-09-10 02:50:42 -0300},
	Title = {GenJam Populi: Training an IGA via audience-mediated performance},
	Volume = {12},
	Year = {1995}}

@article{biles1996neural,
	Author = {Biles, J. and Anderson, P. and Loggi, L.},
	Date-Added = {2010-09-10 02:50:37 -0300},
	Date-Modified = {2011-03-23 20:47:55 -0300},
	Journal = {Proceedings of the International ICSC Symposium on Intelligent Industrial Automation (IIA'96) and Soft Computing (SOCO'96).},
	Publisher = {International Computing Sciences Conferences (ICSC)},
	Title = {Neural network fitness functions for a musical IGA},
	Year = {1996}}

@conference{biles1994genjam,
	Author = {Biles, J.},
	Booktitle = {Proceedings of the International Computer Music Conference},
	Date-Added = {2010-09-10 02:50:33 -0300},
	Date-Modified = {2010-09-10 02:50:33 -0300},
	Organization = {Citeseer},
	Pages = {131--131},
	Title = {GenJam: A genetic algorithm for generating jazz solos},
	Year = {1994}}

@book{darwin2003origin,
	Author = {Darwin, C.},
	Date-Added = {2010-09-10 02:48:26 -0300},
	Date-Modified = {2010-09-10 02:48:26 -0300},
	Publisher = {Signet Classic},
	Title = {The origin of species},
	Year = {2003}}

@book{book.Fraden2003,
	Author = {J. Fraden},
	Publisher = {Springer- Berlin},
	Title = {Handbook of Modern Sensors: Physics, Designs, and Applications},
	Year = {2003}}
